<?xml version="1.0" encoding="UTF-8"?><record xmlns="http://www.loc.gov/MARC21/slim" xmlns:cinclude="http://apache.org/cocoon/include/1.0" xmlns:zs="http://www.loc.gov/zing/srw/">
  <leader>00532nz  a2200157n  4500</leader>
  <controlfield tag="001">nb2006006701</controlfield>
  <controlfield tag="003">DLC</controlfield>
  <controlfield tag="005">20060317051358.0</controlfield>
  <controlfield tag="008">060316n| acannaabn          |a ana      </controlfield>
  <datafield tag="010" ind1=" " ind2=" ">
    <subfield code="a">nb2006006701</subfield>
  </datafield>
  <datafield tag="035" ind1=" " ind2=" ">
    <subfield code="a">(Uk)006427114</subfield>
  </datafield>
  <datafield tag="040" ind1=" " ind2=" ">
    <subfield code="a">Uk</subfield>
    <subfield code="b">eng</subfield>
    <subfield code="c">Uk</subfield>
  </datafield>
  <datafield tag="110" ind1="2" ind2=" ">
    <subfield code="a">WSEAS (Organization)</subfield>
  </datafield>
  <datafield tag="410" ind1="2" ind2=" ">
    <subfield code="a">World Scientific and Engineering Academy and Society</subfield>
  </datafield>
  <datafield tag="670" ind1=" " ind2=" ">
    <subfield code="a">WSEAS transactions on mathematics, Jan. 2006</subfield>
  </datafield>
  <datafield tag="670" ind1=" " ind2=" ">
    <subfield code="a">WorldSes WWW Site, 16 Mar. 2006:</subfield>
    <subfield code="b">About WSEAS page (WSEAS, World Scientific and Engineering Academy and Society)</subfield>
  </datafield>
</record>